<?xml version="1.0" encoding="UTF-8"?><collection xmlns="http://www.loc.gov/MARC21/slim"><record><leader>00585nam--2200157-i-4500</leader><controlfield tag="001">000027970</controlfield><controlfield tag="002">20161230</controlfield><controlfield tag="005">20161230201037</controlfield><controlfield tag="008">060222s1000------------r-----000-0-eng-d</controlfield><datafield ind1=" " ind2=" " tag="080"><subfield code="a">621.38.004.6:621.3</subfield></datafield><datafield ind1=" " ind2=" " tag="100"><subfield code="a">Lefter, V</subfield></datafield><datafield ind1=" " ind2=" " tag="245"><subfield code="a">Unele aspecte privind influenta solicitarilor mediului climatic asupra duratei de exploatare a produseloor electrotehnice</subfield></datafield><datafield ind1=" " ind2=" " tag="260"><subfield code="a">Bucuresti, Cons.Nat.Al Inginerilor Si Tehnicienilor, 1969, 10p</subfield></datafield><datafield ind1=" " ind2=" " tag="490"><subfield code="a">A Doua Conferinta A Electricienilor. Viii. Sectia Fiabilitate, Securitate, Calitate</subfield></datafield><datafield ind1=" " ind2=" " tag="852"><subfield code="c">523</subfield></datafield><datafield ind1=" " ind2=" " tag="CAT"><subfield code="a">Sys</subfield><subfield code="c">20071102</subfield><subfield code="h">113825</subfield></datafield></record></collection>